<?xml version="1.0" encoding="UTF-8" ?><marc:collection xmlns:marc="http://www.loc.gov/MARC21/slim" xmlns:xsi="http://www.w3.org/2001/XMLSchema-instance" xsi:schemaLocation="http://www.loc.gov/MARC21/slim http://www.loc.gov/standards/marcxml/schema/MARC21slim.xsd">
<marc:record><marc:leader>02838cam a2200433Mi 4500</marc:leader>
<marc:controlfield tag="001">b13812403</marc:controlfield>
<marc:controlfield tag="003">UaCaAUL</marc:controlfield><marc:controlfield tag="005">20170227010515.0</marc:controlfield><marc:controlfield tag="008">001215s1934    ua            000 0 ara d</marc:controlfield><marc:datafield tag="035" ind1=" " ind2=" "><marc:subfield code="a">(OCoLC)318946653</marc:subfield></marc:datafield><marc:datafield tag="040" ind1=" " ind2=" "><marc:subfield code="a">MEAUC</marc:subfield><marc:subfield code="b">eng</marc:subfield><marc:subfield code="e">rda</marc:subfield><marc:subfield code="c">MEAUC</marc:subfield><marc:subfield code="d">OCLCQ</marc:subfield><marc:subfield code="d">OCLCO</marc:subfield><marc:subfield code="d">OCLCF</marc:subfield><marc:subfield code="d">OCLCO</marc:subfield><marc:subfield code="d">MEAUC</marc:subfield></marc:datafield><marc:datafield tag="049" ind1=" " ind2=" "><marc:subfield code="a">MAIN</marc:subfield></marc:datafield><marc:datafield tag="050" ind1=" " ind2="4"><marc:subfield code="a">BP154</marc:subfield><marc:subfield code="b">.T37x 1934</marc:subfield></marc:datafield><marc:datafield tag="066" ind1=" " ind2=" "><marc:subfield code="c">(3</marc:subfield></marc:datafield><marc:datafield tag="090" ind1=" " ind2=" "><marc:subfield code="a">BP154</marc:subfield><marc:subfield code="b">.T37x 1934</marc:subfield></marc:datafield><marc:datafield tag="100" ind1="0" ind2=" "><marc:subfield code="6">880-01</marc:subfield><marc:subfield code="a">Suyūṭī,</marc:subfield><marc:subfield code="d">1445-1505.</marc:subfield></marc:datafield><marc:datafield tag="240" ind1="1" ind2="0"><marc:subfield code="6">880-02</marc:subfield><marc:subfield code="a">Tanwīr al-ḥawālik fī sharḥ Muwaṭṭaʼ al-Imām Mālik.</marc:subfield></marc:datafield><marc:datafield tag="245" ind1="1" ind2="0"><marc:subfield code="6">880-03</marc:subfield><marc:subfield code="a">Tanwīr al-ḥawālik :</marc:subfield><marc:subfield code="b">sharḥ ʻalá Muwaṭṭaʼ Mālik /</marc:subfield><marc:subfield code="c">taʼlīf al-imām Jalāl al-Dīn ʻAbd al-Raḥmān al-Suyūṭī al-Shāfiʻī raḥimahu Allāh taʻālá. Wa-yalīhi Kitāb Isʻāf al-mubaṭṭaʼ bi-rijāl al-Muwaṭṭaʼ / lil-Suyūṭī.</marc:subfield></marc:datafield><marc:datafield tag="264" ind1=" " ind2="1"><marc:subfield code="6">880-04</marc:subfield><marc:subfield code="a">[Cairo], Miṣr :</marc:subfield><marc:subfield code="b">Maṭbaʻat Muḥammad ʻAlī Ṣubayḥ wa-Awlāduh bi-Maydān al-Azʹhar bi-Miṣr,</marc:subfield><marc:subfield code="c">1353 H [1934 M]</marc:subfield></marc:datafield><marc:datafield tag="300" ind1=" " ind2=" "><marc:subfield code="a">3 volumes in 1 (381, 244, 228 pages) ;</marc:subfield><marc:subfield code="c">25 cm.</marc:subfield></marc:datafield><marc:datafield tag="336" ind1=" " ind2=" "><marc:subfield code="a">text</marc:subfield><marc:subfield code="b">txt</marc:subfield><marc:subfield code="2">rdacontent.</marc:subfield></marc:datafield><marc:datafield tag="337" ind1=" " ind2=" "><marc:subfield code="a">unmediated</marc:subfield><marc:subfield code="b">n</marc:subfield><marc:subfield code="2">rdamedia.</marc:subfield></marc:datafield><marc:datafield tag="338" ind1=" " ind2=" "><marc:subfield code="a">volume</marc:subfield><marc:subfield code="b">nc</marc:subfield><marc:subfield code="2">rdacarrier.</marc:subfield></marc:datafield><marc:datafield tag="500" ind1=" " ind2=" "><marc:subfield code="6">880-05</marc:subfield><marc:subfield code="a">&quot;Wa-li-tamām al-nafʻ bi-hi waḍaʻnā matn al-Muwaṭṭaʼ mafṣūlan ʻalá al-sharḥ al-madhkūr mashkūlan shaklan tāmman bi-aʻlá kull ṣaḥīfah mafṣūlan baynahu wa-bayna al-sharḥ bi-jadwal.&quot;</marc:subfield></marc:datafield><marc:datafield tag="600" ind1="0" ind2="0"><marc:subfield code="a">Mālik ibn Anas,</marc:subfield><marc:subfield code="d">-795.</marc:subfield><marc:subfield code="t">Muwaṭṭaʼ.</marc:subfield></marc:datafield><marc:datafield tag="650" ind1=" " ind2="0"><marc:subfield code="a">Islamic law</marc:subfield><marc:subfield code="v">Early works to 1800.</marc:subfield></marc:datafield><marc:datafield tag="700" ind1="0" ind2="2"><marc:subfield code="6">880-06</marc:subfield><marc:subfield code="a">Mālik ibn Anas,</marc:subfield><marc:subfield code="d">-795.</marc:subfield><marc:subfield code="t">Muwaṭṭaʼ.</marc:subfield></marc:datafield><marc:datafield tag="700" ind1="0" ind2="2"><marc:subfield code="6">880-07</marc:subfield><marc:subfield code="a">Suyūṭī,</marc:subfield><marc:subfield code="d">1445-1505.</marc:subfield><marc:subfield code="t">Isʻāf al-mubaṭṭaʼ bi-rijāl al-Muwaṭṭaʼ.</marc:subfield></marc:datafield><marc:datafield tag="880" ind1="0" ind2=" "><marc:subfield code="6">100-01/(3/r</marc:subfield><marc:subfield code="a">سيوطي،</marc:subfield><marc:subfield code="d">1445-1505.</marc:subfield></marc:datafield><marc:datafield tag="880" ind1="1" ind2="0"><marc:subfield code="6">240-02/(3/r</marc:subfield><marc:subfield code="a">تنوير الحوالك في شرح موطأ الإمام مالك.</marc:subfield></marc:datafield><marc:datafield tag="880" ind1="1" ind2="0"><marc:subfield code="6">245-03/(3/r</marc:subfield><marc:subfield code="a">تنوير الحوالك :</marc:subfield><marc:subfield code="b">شرح على موطأ مالك /</marc:subfield><marc:subfield code="c">تأليف الإمام جلال الدين عبد الرحمن السيوطي الشافعي رحمه الله تعالى. ويليه كتاب إسعاف المبطأ برجال الموطأ / للسيوطى..</marc:subfield></marc:datafield><marc:datafield tag="880" ind1=" " ind2="1"><marc:subfield code="6">264-04/(3/r</marc:subfield><marc:subfield code="a">[Cairo], مصر :</marc:subfield><marc:subfield code="b">مطبعة محمد علي صبيح وأولاده بميدان الأزهر بمصر،</marc:subfield><marc:subfield code="c">1353 ه [1934 م]</marc:subfield></marc:datafield><marc:datafield tag="880" ind1=" " ind2=" "><marc:subfield code="6">500-05/(3/r</marc:subfield><marc:subfield code="a">&quot;ولتمام النفع به وضعنا متن الموطأ مفصولا على الشرح المذكور مشكولا شكلا تاما بأعلى كل صحيفة مفصولا بينه وبين الشرح بجدول.&quot;.</marc:subfield></marc:datafield><marc:datafield tag="880" ind1="0" ind2="2"><marc:subfield code="6">700-06/(3/r</marc:subfield><marc:subfield code="a">مالك بن أنس.</marc:subfield><marc:subfield code="d">-795.</marc:subfield><marc:subfield code="t">موطأ..</marc:subfield></marc:datafield><marc:datafield tag="880" ind1="0" ind2="2"><marc:subfield code="6">700-07/(3/r</marc:subfield><marc:subfield code="a">سيوطي.</marc:subfield><marc:subfield code="d">1445-1505.</marc:subfield><marc:subfield code="t">إسعاف المبطأ برجال الموطأ..</marc:subfield></marc:datafield><marc:datafield tag="907" ind1=" " ind2=" "><marc:subfield code="a">.b13812403</marc:subfield><marc:subfield code="b">main </marc:subfield></marc:datafield><marc:datafield tag="902" ind1=" " ind2=" "><marc:subfield code="a">170427</marc:subfield></marc:datafield><marc:datafield tag="998" ind1=" " ind2=" "><marc:subfield code="b">1</marc:subfield><marc:subfield code="c">061015</marc:subfield><marc:subfield code="d">m</marc:subfield><marc:subfield code="e">a</marc:subfield><marc:subfield code="f">-</marc:subfield><marc:subfield code="g">0</marc:subfield><marc:subfield code="k">TA</marc:subfield></marc:datafield><marc:datafield tag="945" ind1=" " ind2=" "><marc:subfield code="l">main </marc:subfield><marc:subfield code="u">v.v.1-3</marc:subfield></marc:datafield></marc:record>
</marc:collection>
